@misc{MTUFrequenciesHz,
    title = {{Frequencies of Musical Notes, A4 = 440 Hz}},
    author = {{MTU}},
    url = {http://www.phy.mtu.edu/{\~{}}suits/notefreqs.html}
}

@misc{DaycounterSineCalculator,
    title = {{Sine Look Up Table Generator Calculator}},
    author = {Daycounter, Inc.},
    url = {http://www.daycounter.com/Calculators/Sine-Generator-Calculator.phtml}
}