@mastersthesis{Langen:Thesis:2016,
    author     =     {Helge Langen},
    title     =     {{Ultra-Wideband Radar Simulator for classifying Humans and Animals based on Micro-Doppler Signatures}},
    school     =     {Norwegian University of Science and Technology},
    address     =     {Norway},
    year     =     {2016},
    }
    
@book{skolnik,
  author    = {Merrill I Skolnik}, 
  title     = {Introduction to Radar systems},
  publisher = {McGraw Hill Education Private Limited},
  year      = 2014,
  address   = {},
  edition   = 3,
  note      = {An optional note},
  isbn      = {9780070445338}
}

@book{taylor2017,
    author      = {James D.Taylor},
    title       = {Introduction to Ultra-Wideband Radar System},
    publisher   = {Taylor & Francis Group},
    year        = {2017},
    isbn        = {978-1-4665-8657-4}
}